<record xmlns='http://www.loc.gov/MARC21/slim'><leader>01331cgm a2200337 a 4500</leader><controlfield tag='001'>2482650</controlfield><controlfield tag='005'>20141205232522.0</controlfield><controlfield tag='008'>941216s1987    xx ||| e          vleng d</controlfield><datafield ind1=' ' ind2=' ' tag='035'><subfield code='a'>(NIC)notisAMK9195</subfield></datafield><datafield ind1=' ' ind2=' ' tag='035'><subfield code='a'>2482650</subfield></datafield><datafield ind1=' ' ind2=' ' tag='035'><subfield code='a'>(OCoLC)74915541</subfield></datafield><datafield ind1=' ' ind2=' ' tag='040'><subfield code='a'>NIC</subfield><subfield code='c'>NIC</subfield><subfield code='d'>NIC</subfield></datafield><datafield ind1=' ' ind2=' ' tag='043'><subfield code='a'>n-us---</subfield></datafield><datafield ind1='0' ind2='0' tag='245'><subfield code='a'>Student activism</subfield><subfield code='h'>[videorecording] /</subfield><subfield code='c'>[Africana Studies and Research Center, Cornell University].</subfield></datafield><datafield ind1=' ' ind2=' ' tag='260'><subfield code='c'>1987.</subfield></datafield><datafield ind1=' ' ind2=' ' tag='300'><subfield code='a'>1 videocassette :</subfield><subfield code='b'>sd., col. ;</subfield><subfield code='c'>1/2 in.</subfield></datafield><datafield ind1=' ' ind2=' ' tag='538'><subfield code='a'>VHS.</subfield></datafield><datafield ind1='0' ind2=' ' tag='511'><subfield code='a'>Ben Chavis.</subfield></datafield><datafield ind1=' ' ind2=' ' tag='500'><subfield code='a'>Videotaped live at Cornell University in November 27, 1987.</subfield></datafield><datafield ind1=' ' ind2=' ' tag='520'><subfield code='a'>Ben Chavis talks about the students&apos; activism to challenge racism and social change.</subfield></datafield><datafield ind1=' ' ind2='0' tag='650'><subfield code='a'>African American student movements.</subfield></datafield><datafield ind1=' ' ind2='0' tag='650'><subfield code='a'>African American college students</subfield><subfield code='x'>Political activity</subfield><subfield code='x'>History</subfield><subfield code='y'>20th century.</subfield></datafield><datafield ind1=' ' ind2='7' tag='648'><subfield code='a'>1900 - 1999</subfield><subfield code='2'>fast</subfield></datafield><datafield ind1=' ' ind2='7' tag='650'><subfield code='a'>African American college students</subfield><subfield code='x'>Political activity</subfield><subfield code='2'>fast</subfield><subfield code='0'>(OCoLC)fst00799107</subfield></datafield><datafield ind1=' ' ind2='7' tag='650'><subfield code='a'>African American student movements</subfield><subfield code='2'>fast</subfield><subfield code='0'>(OCoLC)fst00799374</subfield></datafield><datafield ind1=' ' ind2='7' tag='655'><subfield code='a'>History</subfield><subfield code='2'>fast</subfield><subfield code='0'>(OCoLC)fst01411628</subfield></datafield><datafield ind1='1' ind2=' ' tag='700'><subfield code='a'>Chavis, Ben,</subfield><subfield code='d'>1948-</subfield></datafield><datafield ind1='2' ind2=' ' tag='710'><subfield code='a'>Cornell University.</subfield><subfield code='b'>Africana Studies and Research Center.</subfield></datafield><datafield ind1=' ' ind2=' ' tag='905'><subfield code='a'>19950707120000.0</subfield></datafield><datafield ind1='2' ind2=' ' tag='948'><subfield code='a'>20040601</subfield><subfield code='b'>a</subfield><subfield code='d'>pd36</subfield><subfield code='e'>lts</subfield><subfield code='f'>?</subfield><subfield code='h'>?</subfield></datafield><datafield ind1='2' ind2=' ' tag='948'><subfield code='a'>20141205</subfield><subfield code='b'>m</subfield><subfield code='d'>batch</subfield><subfield code='e'>lts</subfield><subfield code='x'>addfast</subfield></datafield></record>